@book{helgaker2013molecular,
  title={Molecular electronic-structure theory},
  author={Helgaker, Trygve and Jorgensen, Poul and Olsen, Jeppe},
  year={2013},
  publisher={John Wiley \& Sons}
}

@article{pulay1984efficient,
  title={An efficient reformulation of the closed-shell self-consistent electron pair theory},
  author={Pulay, P{\'e}ter and Saebo/, Svein and Meyer, Wilfried},
  journal={The Journal of chemical physics},
  volume={81},
  number={4},
  pages={1901--1905},
  year={1984},
  publisher={American Institute of Physics}
}

@misc{DrudgeCAS,
  author       = {Jinmo Zhao and Guo P. Chen and Gaurav Harsha and Matthew Wholey and Thomas M. Henderson and Gustavo E. Scuseria},
  title        = {Drudge: A symbolic algebra system for tensorial and noncommutative algebras},
  publisher    = {GitHub},
  year         = {2016--2025},
  url          = {https://github.com/DrudgeCAS/drudge},
  note         = {GitHub repository}
}

@phdthesis{Zhao2018Drudge,
  author       = {Jinmo Zhao},
  title        = {Symbolic Solution for Computational Quantum Many-Body Theory Development},
  school       = {Rice University},
  year         = {2018},
  month        = {April},
  address      = {Houston, Texas, USA},
  type         = {PhD thesis},
  url          = {https://www.proquest.com/openview/61a9a86c07dbb6e5270bdeb1c84384db/1?pq-origsite=gscholar&cbl=18750&diss=y}
}
